%% This BibTeX bibliography file was created using BibDesk.
%% http://bibdesk.sourceforge.net/


%% Created for anikolov at 2014-05-22 15:32:33 -0400 


%% Saved with string encoding Unicode (UTF-8) 

@incollection {NNN12,
    AUTHOR = {Newman, Alantha and Neiman, Ofer and Nikolov, Aleksandar},
     TITLE = {Beck's three permutations conjecture: a counterexample and
              some consequences},
 BOOKTITLE = {2012 {IEEE} 53rd {A}nnual {S}ymposium on {F}oundations of
              {C}omputer {S}cience---{FOCS} 2012},
     PAGES = {253--262},
 PUBLISHER = {IEEE Computer Soc., Los Alamitos, CA},
      YEAR = {2012},
   MRCLASS = {68R05 (05A05 90C27)},
  MRNUMBER = {3186612},
}

@inproceedings{R12,
  author    = {Thomas Rothvoss},
  title     = {The entropy rounding method in approximation algorithms},
  booktitle = {Symposium on Discrete Algorithms (SODA)},
  year      = {2012},
  pages     = {356-372}
}

@misc{Larsen17,
 author = {Larsen, Kasper Green},
 title = {Constructive Discrepancy Minimization with Hereditary L2 Guarantees},
 howpublished = {Arxiv report 1711.02860},
 year = {2017}
}

@inproceedings{BN15,
  author    = {Nikhil Bansal and
               Viswanath Nagarajan},
  title     = {Approximation-Friendly Discrepancy Rounding},
  booktitle = {IPCO},
  pages     = {375--386},
  year      = {2016}
}

@inproceedings{CNN11,
  author    = {Moses Charikar and
               Alantha Newman and
               Aleksandar Nikolov},
  title     = {Tight Hardness Results for Minimizing Discrepancy},
  booktitle = {SODA},
  pages     = {1607--1614},
  year      = {2011},
}

@inproceedings{BDGL18,
author = {Bansal, Nikhil and Dadush, Daniel and Garg, Shashwat and Lovett,
Shachar},
title = {The {G}ram-{S}chmidt {W}alk: a cure for the {B}anaszczyk blues},
year = {2018},
booktitle = {To appear in STOC 2018}
}

@inproceedings{BDG16,
  title={An algorithm for {K}oml{\'o}s conjecture matching {B}anaszczyk's bound},
  author={Bansal, Nikhil and Dadush, Daniel and Garg, Shashwat},
  booktitle={Proceedings of the I{EEE} 57th {A}nnual {S}ymposium on
{F}oundations of {C}omputer {S}cience --- {FOCS} 2016},
  pages={788--799},
  year={2016},
  organization={IEEE}
}

@inproceedings {DGLN16,
    AUTHOR = {Dadush, Daniel and Garg, Shashwat and Lovett, Shachar and
              Nikolov, Aleksandar},
     TITLE = {Towards a constructive version of {B}anaszczyk's vector
              balancing theorem},
 BOOKTITLE = {Proceedings of the 20th International Workshop on Randomization
and Computation --- {RANDOM} 2016},
    SERIES = {LIPIcs. Leibniz Int. Proc. Inform.},
    VOLUME = {60},
     PAGES = {Art. No. 28, 12},
 PUBLISHER = {Schloss Dagstuhl. Leibniz-Zent. Inform., Wadern},
      YEAR = {2016},
   MRCLASS = {52A38 (52C07 60D05)},
  MRNUMBER = {3566770},
}

@article{disc-larsen,
  author    = {Kasper Green Larsen},
  title     = {On Range Searching in the Group Model and Combinatorial Discrepancy.},
  journal   = {{SIAM} J. Comput.},
  year      = {2014},
  volume    = {43},
  number    = {2},
  pages     = {673--686},
  url       = {http://dx.doi.org/10.1137/120865240},
  doi       = {10.1137/120865240},
  timestamp = {Wed, 03 Sep 2014 02:43:10 +0200},
  biburl    = {http://dblp.uni-trier.de/rec/bib/journals/siamcomp/Larsen14},
  bibsource = {dblp computer science bibliography, http://dblp.org}
}

@unpublished{kalai-post,
	Author = {Gil Kalai},
	Date-Added = {2014-05-22 18:49:54 +0000},
	Date-Modified = {2014-05-22 18:49:54 +0000},
	Month = {09},
	Note = {\url{http://gowers.wordpress.com/2012/08/22/edp22-first-guest-post-from-gil-kalai/}},
	Title = {Erd{\Hold{o}}s Discrepancy Problem 22},
	Urldate = {09/01/2012},
	Year = {2012}}

@unpublished{finchrefs,
	Author = {Steven Finch},
	Date-Added = {2014-05-22 18:49:23 +0000},
	Date-Modified = {2014-05-22 18:49:23 +0000},
	Note = {\url{http://www.people.fas.harvard.edu/~sfinch/csolve/ec.pdf}},
	Title = {Two-Colorings of Positive Integers}}

@article{disc-ip,
	Author = {Karthekeyan Chandrasekaran and Santosh Vempala},
	Bibsource = {DBLP, http://dblp.uni-trier.de},
	Date-Added = {2014-05-22 18:48:36 +0000},
	Date-Modified = {2014-05-22 18:48:36 +0000},
	Ee = {http://arxiv.org/abs/1111.4649},
	Journal = {CoRR},
	Title = {A Discrepancy based Approach to Integer Programming},
	Volume = {abs/1111.4649},
	Year = {2011}}

@unpublished{polymath-wiki,
	Author = {Multiple Authors},
	Date-Added = {2014-05-22 18:48:01 +0000},
	Date-Modified = {2014-05-22 18:48:01 +0000},
	Note = {\url{http://michaelnielsen.org/polymath1/index.php?title=The_Erd\%C5\%91s_discrepancy_problem}},
	Title = {Erd{\Hold{o}}s Discrepancy Problem: PolyMath Wiki},
	Urldate = {09/01/2012}}

@article{bt-constructive,
	Author = {Spielman, D.A. and Srivastava, N.},
	Date-Added = {2014-05-22 18:47:33 +0000},
	Date-Modified = {2014-05-22 18:47:33 +0000},
	Journal = {Israel Journal of Mathematics},
	Pages = {1--9},
	Publisher = {Springer},
	Title = {An elementary proof of the restricted invertibility theorem},
	Year = {2010}}

@unpublished{Matousek11,
	Author = {Ji\v{r}\'{i} Matou\v{s}ek},
	Date-Added = {2014-05-22 18:47:14 +0000},
	Date-Modified = {2014-05-22 18:47:14 +0000},
	Note = {http://arxiv.org/abs/1101.0767},
	Title = {The determinant bound for discrepancy is almost tight},
	Year = {2011}}

@book{Matousek,
	Author = {Ji\v{r}\'{i} Matou\v{s}ek},
	Date-Added = {2014-05-22 18:47:01 +0000},
	Date-Modified = {2014-05-22 18:47:01 +0000},
	Publisher = {Springer},
	Title = {Geometric Discrepancy (An Illustrated Guide)},
	Year = {1999}}

@article{LSV,
	Author = {Lov{\'a}sz, L. and Spencer, J. and Vesztergombi, K.},
	Date-Added = {2014-05-22 18:46:55 +0000},
	Date-Modified = {2014-05-22 18:46:55 +0000},
	Journal = {European Journal of Combinatorics},
	Number = {2},
	Pages = {151--160},
	Publisher = {Academic Press Ltd.},
	Title = {Discrepancy of set-systems and matrices},
	Volume = {7},
	Year = {1986}}

@article{venkat-SS,
	Author = {Guruswami, V.},
	Date-Added = {2014-05-22 18:46:35 +0000},
	Date-Modified = {2014-05-22 18:46:35 +0000},
	Journal = {Approximation Algorithms for Combinatorial Optimization},
	Pages = {155--166},
	Publisher = {Springer},
	Title = {Inapproximability results for set splitting and satisfiability problems with no mixed clauses},
	Year = {2000}}

@article{erdHos1957some,
	Author = {Erd{\Hold{o}}s, P.},
	Date-Added = {2014-05-22 18:46:21 +0000},
	Date-Modified = {2014-05-22 18:46:21 +0000},
	Journal = {The Michigan Mathematical Journal},
	Number = {3},
	Pages = {291--300},
	Publisher = {The University of Michigan},
	Title = {Some unsolved problems.},
	Volume = {4},
	Year = {1957}}

@article{bour-tza,
	Author = {Bourgain, J. and Tzafriri, L.},
	Date-Added = {2014-05-22 18:45:59 +0000},
	Date-Modified = {2014-05-22 18:45:59 +0000},
	Journal = {Israel journal of mathematics},
	Number = {2},
	Pages = {137--224},
	Publisher = {Springer},
	Title = {Invertibility of large submatrices with applications to the geometry of banach spaces and harmonic analysis},
	Volume = {57},
	Year = {1987}}

@inproceedings{Bansal10,
	Author = {Bansal, Nikhil},
	Booktitle = {51st Annual IEEE Symposium on Foundations of Computer Science (FOCS), 2010},
	Date-Added = {2014-05-22 18:45:15 +0000},
	Date-Modified = {2014-05-22 18:45:15 +0000},
	Organization = {IEEE},
	Pages = {3--10},
	Title = {Constructive algorithms for discrepancy minimization},
	Year = {2010}}

@article{bana,
	Author = {Banaszczyk, W.},
	Date-Added = {2014-05-22 18:44:47 +0000},
	Date-Modified = {2014-05-22 18:44:47 +0000},
	Journal = {Random Structures \& Algorithms},
	Number = {4},
	Pages = {351--360},
	Publisher = {Wiley Online Library},
	Title = {Balancing vectors and Gaussian measures of n-dimensional convex bodies},
	Volume = {12},
	Year = {1998}}

@article{beckfiala,
	Author = {Beck, J. and Fiala, T.},
	Date-Added = {2014-05-22 18:44:47 +0000},
	Date-Modified = {2014-05-22 18:44:47 +0000},
	Journal = {Discrete Applied Mathematics},
	Number = {1},
	Pages = {1--8},
	Publisher = {Elsevier},
	Title = {Integer-making theorems},
	Volume = {3},
	Year = {1981}}

@conference{beck1996discrepancy,
	Author = {Beck, J. and S{\'o}s, V.T.},
	Booktitle = {Handbook of combinatorics (vol. 2)},
	Date-Added = {2014-05-22 18:44:47 +0000},
	Date-Modified = {2014-05-22 18:44:47 +0000},
	Organization = {MIT Press},
	Pages = {1446},
	Title = {Discrepancy theory},
	Year = {1996}}

@book{Chazelle,
	Author = {Bernard Chazelle},
	Date-Added = {2014-05-22 18:44:47 +0000},
	Date-Modified = {2014-05-22 18:44:47 +0000},
	Publisher = {Cambridge University Press},
	Title = {The Discrepancy Method},
	Year = {1991}}

@article{eisenbrand-binpacking,
  author    = {Friedrich Eisenbrand and
               D{\"{o}}m{\"{o}}t{\"{o}}r P{\'{a}}lv{\"{o}}lgyi and
               Thomas Rothvo{\ss}},
  title     = {Bin Packing via Discrepancy of Permutations},
  journal   = {{ACM} Transactions on Algorithms},
  year      = {2013},
  volume    = {9},
  number    = {3},
  pages     = {24},
  url       = {http://doi.acm.org/10.1145/2483699.2483704},
  doi       = {10.1145/2483699.2483704},
  timestamp = {Thu, 25 Sep 2014 01:58:15 +0200},
  biburl    = {http://dblp.uni-trier.de/rec/bib/journals/talg/EisenbrandPR13},
  bibsource = {dblp computer science bibliography, http://dblp.org}
}

@article{lovettmeka,
	Author = {Lovett, S. and Meka, R.},
	Date-Added = {2014-05-22 18:44:47 +0000},
	Date-Modified = {2014-05-22 18:44:47 +0000},
	Journal = {Arxiv preprint arXiv:1203.5747},
	Title = {Constructive Discrepancy Minimization by Walking on The Edges},
	Year = {2012}}

@article{beck3perm-first,
	Author = {Newman, A. and Nikolov, A.},
	Date-Added = {2014-05-22 18:44:47 +0000},
	Date-Modified = {2014-05-22 18:44:47 +0000},
	Journal = {Arxiv preprint arXiv:1104.2922},
	Title = {A counterexample to Beck's conjecture on the discrepancy of three permutations},
	Year = {2011}}

@inproceedings{rothvoss-entropy,
	Acmid = {2095148},
	Author = {Rothvo\ss, Thomas},
	Booktitle = {Proceedings of the Twenty-Third Annual ACM-SIAM Symposium on Discrete Algorithms},
	Date-Added = {2014-05-22 18:44:47 +0000},
	Date-Modified = {2014-05-22 18:44:47 +0000},
	Location = {Kyoto, Japan},
	Numpages = {17},
	Pages = {356--372},
	Publisher = {SIAM},
	Series = {SODA '12},
	Title = {The entropy rounding method in approximation algorithms},
	Url = {http://dl.acm.org/citation.cfm?id=2095116.2095148},
	Year = {2012},
	Bdsk-Url-1 = {http://dl.acm.org/citation.cfm?id=2095116.2095148}}


@inproceedings {HobergRothvoss17,
    AUTHOR = {Hoberg, Rebecca and Rothvoss, Thomas},
     TITLE = {A logarithmic additive integrality gap for bin packing},
 BOOKTITLE = {Proceedings of the {T}wenty-{E}ighth {A}nnual {ACM}-{SIAM}
              {S}ymposium on {D}iscrete {A}lgorithms},
     PAGES = {2616--2625},
 PUBLISHER = {SIAM, Philadelphia, PA},
      YEAR = {2017},
   MRCLASS = {90C27 (68W40)},
  MRNUMBER = {3627901},
       DOI = {10.1137/1.9781611974782.172},
       URL = {https://doi.org/10.1137/1.9781611974782.172},
}

@article{rothvoss-binpacking,
  author    = {Thomas Rothvo\ss{}},
  title     = {Approximating Bin Packing within O(log {OPT} * Log Log {OPT)} Bins.},
  booktitle = {54th Annual {IEEE} Symposium on Foundations of Computer Science, {FOCS}
               2013, 26-29 October, 2013, Berkeley, CA, {USA}},
  year      = {2013},
  pages     = {20--29},
  crossref  = {DBLP:conf/focs/2013},
  url       = {http://doi.ieeecomputersociety.org/10.1109/FOCS.2013.11},
  doi       = {10.1109/FOCS.2013.11},
  timestamp = {Wed, 03 Sep 2014 03:42:22 +0200},
  biburl    = {http://dblp.uni-trier.de/rec/bib/conf/focs/Rothvoss13},
  bibsource = {dblp computer science bibliography, http://dblp.org}
}

@proceedings{DBLP:conf/focs/2013,
  title     = {54th Annual {IEEE} Symposium on Foundations of Computer Science, {FOCS}
               2013, 26-29 October, 2013, Berkeley, CA, {USA}},
  year      = {2013},
  publisher = {{IEEE} Computer Society},
  url       = {http://ieeexplore.ieee.org/xpl/mostRecentIssue.jsp?punumber=6685222},
  timestamp = {Wed, 03 Sep 2014 03:42:22 +0200},
  biburl    = {http://dblp.uni-trier.de/rec/bib/conf/focs/2013},
  bibsource = {dblp computer science bibliography, http://dblp.org}
}

@article{Spencer,
	Author = {Joel Spencer},
	Date-Added = {2014-05-22 18:44:47 +0000},
	Date-Modified = {2014-05-22 18:44:47 +0000},
	Journal = {Trans. Amer. Math. Soc.},
	Pages = {679--706},
	Title = {Six standard deviations suffice},
	Volume = {289},
	Year = {1985}}

@book{spencer-lectures,
    AUTHOR = {Spencer, Joel},
     TITLE = {Ten lectures on the probabilistic method},
    SERIES = {CBMS-NSF Regional Conference Series in Applied Mathematics},
    VOLUME = {64},
   EDITION = {Second},
 PUBLISHER = {Society for Industrial and Applied Mathematics (SIAM),
              Philadelphia, PA},
      YEAR = {1994},
     PAGES = {vi+88},
      ISBN = {0-89871-325-0},
   MRCLASS = {05C80 (05C55 60C05)},
       DOI = {10.1137/1.9781611970074},
       URL = {http://dx.doi.org/10.1137/1.9781611970074},
}

@article{weyl,
	Author = {Weyl, Hermann},
	Date-Added = {2013-03-06 06:13:14 +0000},
	Date-Modified = {2013-03-06 06:13:34 +0000},
	Journal = {Mathematische Annalen},
	Number = {3},
	Pages = {313--352},
	Publisher = {Springer},
	Title = {{\"U}ber die Gleichverteilung von Zahlen mod. eins},
	Volume = {77},
	Year = {1916}}
                  
@Article{vdC-35-I,
    Author = {J.G. {van der Corput}},
    Title = {{Verteilungsfunktionen. I. Mitt.}},
    FJournal = {{Proceedings. Akadamie van Wetenschappen Amsterdam}},
    Journal = {{Proc. Akad. Wet. Amsterdam}},
    ISSN = {0370-0348},
    Volume = {38},
    Pages = {813--821},
    Year = {1935},
    Publisher = {North-Holland, Amsterdam},
    Language = {German},
    Zbl = {0012.34705}
}

@Article{vdC-35-II,
    Author = {J.G. {van der Corput}},
    Title = {{Verteilungsfunktionen. II.}},
    FJournal = {{Proceedings. Akadamie van Wetenschappen Amsterdam}},
    Journal = {{Proc. Akad. Wet. Amsterdam}},
    ISSN = {0370-0348},
    Volume = {38},
    Pages = {1058--1066},
    Year = {1935},
    Publisher = {North-Holland, Amsterdam},
    Language = {German},
    Zbl = {0013.05703}
}                  

@article {vAE45,
    AUTHOR = {van Aardenne-Ehrenfest, T.},
     TITLE = {Proof of the impossibility of a just distribution of an
              infinite sequence of points over an interval},
   JOURNAL = {Nederl. Akad. Wetensch., Proc.},
    VOLUME = {48},
      YEAR = {1945},
     PAGES = {266--271 = Indagationes Math. 7, 71--76 (1945)},
   MRCLASS = {27.2X},
  MRNUMBER = {0015143 (7,376l)},
MRREVIEWER = {H. D. Ursell},
}                  

@article {vAE49,
    AUTHOR = {van Aardenne-Ehrenfest, T.},
     TITLE = {On the impossibility of a just distribution},
   JOURNAL = {Nederl. Akad. Wetensch., Proc.},
    VOLUME = {52},
      YEAR = {1949},
     PAGES = {734--739 = Indagationes Math. 11, 264--269 (1949)},
   MRCLASS = {27.2X},
  MRNUMBER = {0032717 (11,336d)},
MRREVIEWER = {H. D. Ursell},
}


@article{beck-rect,
	Author = {Beck, J{\'o}zsef},
	Date-Added = {2013-03-06 07:41:18 +0000},
	Date-Modified = {2013-03-06 07:41:41 +0000},
	Journal = {Combinatorica},
	Number = {4},
	Pages = {327--335},
	Publisher = {Springer},
	Title = {Balanced two-colorings of finite sets in the square I},
	Volume = {1},
	Year = {1981}}
                  
@article{beck-roth,
    AUTHOR = {Beck, J{\'o}zsef},
     TITLE = {Roth's estimate of the discrepancy of integer sequences is
              nearly sharp},
   JOURNAL = {Combinatorica},
  FJOURNAL = {Combinatorica. An International Journal of the J\'anos Bolyai
              Mathematical Society},
    VOLUME = {1},
      YEAR = {1981},
    NUMBER = {4},
     PAGES = {319--325},
      ISSN = {0209-9683},
     CODEN = {COMBDI},
   MRCLASS = {05C35 (05C65 10K30 10L10)},
  MRNUMBER = {647981 (83i:05040)},
MRREVIEWER = {{\v{S}}. Zn{\'a}m},
       DOI = {10.1007/BF02579452},
       URL = {http://dx.doi.org/10.1007/BF02579452},
}

@article {MatousekSpencer-ap,
    AUTHOR = {Matou{\v{s}}ek, Ji{\v{r}}{\'{\i}} and Spencer, Joel},
     TITLE = {Discrepancy in arithmetic progressions},
   JOURNAL = {J. Amer. Math. Soc.},
  FJOURNAL = {Journal of the American Mathematical Society},
    VOLUME = {9},
      YEAR = {1996},
    NUMBER = {1},
     PAGES = {195--204},
      ISSN = {0894-0347},
   MRCLASS = {11K38 (05D10 11B25)},
  MRNUMBER = {1311824 (96c:11089)},
MRREVIEWER = {Henri Faure},
       DOI = {10.1090/S0894-0347-96-00175-0},
       URL = {http://dx.doi.org/10.1090/S0894-0347-96-00175-0},
}


@article{roth-ap,
	Author = {Roth, Klaus F},
	Date-Added = {2013-03-06 06:25:40 +0000},
	Date-Modified = {2013-03-06 06:25:56 +0000},
	Journal = {Acta Arithmetica},
	Pages = {257--260},
	Title = {Remark concerning integer sequences},
	Volume = {9},
	Year = {1964}}

@article {Lovasz-ap,
    AUTHOR = {Lov{\'a}sz, L{\'a}szl{\'o}},
     TITLE = {Integer sequences and semidefinite programming},
      NOTE = {Dedicated to Professor K{\'a}lm{\'a}n Gy{\H{o}}ry on the
              occasion of his 60th birthday},
   JOURNAL = {Publ. Math. Debrecen},
  FJOURNAL = {Publicationes Mathematicae Debrecen},
    VOLUME = {56},
      YEAR = {2000},
    NUMBER = {3-4},
     PAGES = {475--479},
      ISSN = {0033-3883},
     CODEN = {PUMAAR},
   MRCLASS = {11B25 (11K38 90C22)},
  MRNUMBER = {1765994 (2001k:11020)},
MRREVIEWER = {Allen D. Rogers},
}

@article{roth-irreg,
    AUTHOR = {Roth, K. F.},
     TITLE = {On irregularities of distribution},
   JOURNAL = {Mathematika},
  FJOURNAL = {Mathematika. A Journal of Pure and Applied Mathematics},
    VOLUME = {1},
      YEAR = {1954},
     PAGES = {73--79},
      ISSN = {0025-5793},
   MRCLASS = {27.0X},
  MRNUMBER = {0066435 (16,575c)},
MRREVIEWER = {H. D. Ursell},
}

@article {schmidt-irregVII,
    AUTHOR = {Schmidt, Wolfgang M.},
     TITLE = {Irregularities of distribution. {VII}},
   JOURNAL = {Acta Arith.},
  FJOURNAL = {Polska Akademia Nauk. Instytut Matematyczny. Acta Arithmetica},
    VOLUME = {21},
      YEAR = {1972},
     PAGES = {45--50},
      ISSN = {0065-1036},
   MRCLASS = {10K30 (10K25)},
  MRNUMBER = {0319933 (47 \#8474)},
MRREVIEWER = {I. Niven},
}

@article{weyl,
	Author = {Weyl, Hermann},
	Date-Added = {2013-03-06 06:13:14 +0000},
	Date-Modified = {2013-03-06 06:13:34 +0000},
	Journal = {Mathematische Annalen},
	Number = {3},
	Pages = {313--352},
	Publisher = {Springer},
	Title = {{\"U}ber die Gleichverteilung von Zahlen mod. eins},
	Volume = {77},
	Year = {1916}}
                  

@article{gluskin,
  title={Extremal properties of orthogonal parallelepipeds and their applications to the geometry of Banach spaces},
  author={Gluskin, Efim Davydovich},
  journal={Mathematics of the USSR-Sbornik},
  volume={64},
  number={1},
  pages={85},
  year={1989},
  publisher={IOP Publishing}
}

@article{giann,
  title={On some vector balancing problems},
  author={Giannopoulos, Apostolos A},
  journal={Studia Mathematica},
  volume={122},
  number={3},
  pages={225--234},
  year={1997},
  publisher={Institute of Mathematics Polish Academy of Sciences}
}

@inproceedings{rothvoss-giann,
  author    = {Thomas Rothvo{\ss}},
  title     = {Constructive Discrepancy Minimization for Convex Sets},
  booktitle = {55th {IEEE} Annual Symposium on Foundations of Computer Science, {FOCS}
               2014, Philadelphia, PA, USA, October 18-21, 2014},
  pages     = {140--145},
  publisher = {{IEEE} Computer Society},
  year      = {2014},
  url       = {http://dx.doi.org/10.1109/FOCS.2014.23},
  doi       = {10.1109/FOCS.2014.23},
  timestamp = {Thu, 23 Jun 2016 15:53:28 +0200},
  biburl    = {http://dblp.uni-trier.de/rec/bib/conf/focs/Rothvoss14},
  bibsource = {dblp computer science bibliography, http://dblp.org}
}

@article{Matousek-halfspaces,
	Author = {Matou{\v{s}}ek, J.},
	Date-Modified = {2013-08-01 20:31:36 +0000},
	Journal = {Discrete and Computational Geometry},
	Number = {1},
	Pages = {593--601},
	Publisher = {Springer},
	Title = {{Tight Upper Bounds for the Discrepancy of Halfspaces}},
	Volume = {13},
	Year = {1995}}
                  
@article{BansalSpencer,
  author    = {Nikhil Bansal and
               Joel Spencer},
  title     = {Deterministic Discrepancy Minimization},
  journal   = {Algorithmica},
  volume    = {67},
  number    = {4},
  year      = {2013},
  pages     = {451-471},
  ee        = {http://dx.doi.org/10.1007/s00453-012-9728-1},
  bibsource = {DBLP, http://dblp.uni-trier.de}
}

@article{CharikarGW05,
	Author = {Moses Charikar and Venkatesan Guruswami and Anthony Wirth},
	Bibsource = {DBLP, http://dblp.uni-trier.de},
	Ee = {http://dx.doi.org/10.1016/j.jcss.2004.10.012},
	Journal = {J. Comput. Syst. Sci.},
	Number = {3},
	Pages = {360-383},
	Title = {Clustering with qualitative information},
	Volume = {71},
	Year = {2005}}

@article{RabaniS10,
  author    = {Yuval Rabani and
               Amir Shpilka},
  title     = {Explicit Construction of a Small Epsilon-Net for Linear
               Threshold Functions},
  journal   = {SIAM J. Comput.},
  volume    = {39},
  number    = {8},
  year      = {2010},
  pages     = {3501-3520},
  ee        = {http://dx.doi.org/10.1137/090764190},
  bibsource = {DBLP, http://dblp.uni-trier.de}
}

@article{Chazelle98-rslb,
  author    = {Bernard Chazelle},
  title     = {A Spectral Approach to Lower Bounds with Applications to Geometric
               Searching.},
  journal   = {{SIAM} J. Comput.},
  year      = {1998},
  volume    = {27},
  number    = {2},
  pages     = {545--556},
  url       = {http://dx.doi.org/10.1137/S0097539794275665},
  doi       = {10.1137/S0097539794275665},
  timestamp = {Wed, 03 Sep 2014 02:42:01 +0200},
  biburl    = {http://dblp.uni-trier.de/rec/bib/journals/siamcomp/Chazelle98},
  bibsource = {dblp computer science bibliography, http://dblp.org}
}

@article{chazelle2000soft,
	Author = {Chazelle, Bernard},
	Date-Added = {2014-02-26 21:32:09 +0000},
	Date-Modified = {2014-02-26 21:32:09 +0000},
	Journal = {Journal of the ACM (JACM)},
	Number = {6},
	Pages = {1012--1027},
	Publisher = {ACM},
	Title = {The soft heap: an approximate priority queue with optimal error rate},
	Volume = {47},
	Year = {2000}}

@article{chazelle2000mst,
	Author = {Chazelle, Bernard},
	Date-Added = {2014-02-26 21:32:08 +0000},
	Date-Modified = {2014-02-26 21:32:44 +0000},
	Journal = {Journal of the ACM (JACM)},
	Number = {6},
	Pages = {1028--1047},
	Publisher = {ACM},
	Title = {A minimum spanning tree algorithm with inverse-Ackermann type complexity},
	Volume = {47},
	Year = {2000}}

@article{matousek1995approximations,
	Author = {Matousek, Jiri},
	Date-Added = {2014-02-26 21:28:45 +0000},
	Date-Modified = {2014-02-26 21:28:45 +0000},
	Journal = {Journal of Computer and System Sciences},
	Number = {2},
	Pages = {203--208},
	Publisher = {Elsevier},
	Title = {Approximations and optimal geometric divide-and-conquer},
	Volume = {50},
	Year = {1995}}

@article{giannop,
	Author = {Giannopoulos, Apostolos},
	Date-Added = {2014-02-26 20:34:52 +0000},
	Date-Modified = {2014-02-26 20:35:22 +0000},
	Journal = {Studia Mathematica},
	Number = {3},
	Pages = {225--234},
	Publisher = {Institute of Mathematics Polish Academy of Sciences},
	Title = {On some vector balancing problems},
	Volume = {122},
	Year = {1997}}

@inproceedings{bcast-scheduling,
	Author = {Nikhil Bansal and Moses Charikar and Ravishankar Krishnaswamy and Shi Li},
	Bibsource = {DBLP, http://dblp.uni-trier.de},
	Booktitle = {SODA},
	Date-Added = {2014-02-24 23:36:49 +0000},
	Date-Modified = {2014-02-24 23:37:14 +0000},
	Ee = {http://dx.doi.org/10.1137/1.9781611973402.5},
	Pages = {55-71},
	Title = {Better Algorithms and Hardness for Broadcast Scheduling via a Discrepancy Approach},
	Year = {2014}}

@inproceedings{disc-spacelb,
  author    = {Zhewei Wei and
               Ke Yi},
  title     = {The Space Complexity of 2-Dimensional Approximate Range Counting.},
  booktitle = {Proceedings of the Twenty-Fourth Annual {ACM-SIAM} Symposium on Discrete
               Algorithms, {SODA} 2013, New Orleans, Louisiana, USA, January 6-8,
               2013},
  year      = {2013},
  pages     = {252--264},
  crossref  = {DBLP:conf/soda/2013},
  url       = {http://dx.doi.org/10.1137/1.9781611973105.19},
  doi       = {10.1137/1.9781611973105.19},
  timestamp = {Wed, 03 Sep 2014 02:46:48 +0200},
  biburl    = {http://dblp.uni-trier.de/rec/bib/conf/soda/WeiY13},
  bibsource = {dblp computer science bibliography, http://dblp.org}
}
                  
@proceedings{DBLP:conf/soda/2013,
  editor    = {Sanjeev Khanna},
  title     = {Proceedings of the Twenty-Fourth Annual {ACM-SIAM} Symposium on Discrete
               Algorithms, {SODA} 2013, New Orleans, Louisiana, USA, January 6-8,
               2013},
  year      = {2013},
  publisher = {{SIAM}},
  url       = {http://dx.doi.org/10.1137/1.9781611973105},
  doi       = {10.1137/1.9781611973105},
  isbn      = {978-1-61197-251-1},
  timestamp = {Wed, 03 Sep 2014 02:46:48 +0200},
  biburl    = {http://dblp.uni-trier.de/rec/bib/conf/soda/2013},
  bibsource = {dblp computer science bibliography, http://dblp.org}
}

@article{chaz-lvov-boxes,
author="Chazelle, B. and Lvov, A.",
title="{The discrepancy of boxes in higher dimension}",
journal="Discrete Comput. Geom. ",
volume="25",
number="4",
pages="519-524",
year="2001"
}

@article {AlonBI86-kwise,
    AUTHOR = {Alon, Noga and Babai, L{\'a}szl{\'o} and Itai, Alon},
     TITLE = {A fast and simple randomized parallel algorithm for the
              maximal independent set problem},
   JOURNAL = {J. Algorithms},
  FJOURNAL = {Journal of Algorithms},
    VOLUME = {7},
      YEAR = {1986},
    NUMBER = {4},
     PAGES = {567--583},
      ISSN = {0196-6774},
     CODEN = {JOALDV},
   MRCLASS = {68Q20 (05C35 68R10)},
  MRNUMBER = {866792 (88a:68043)},
       DOI = {10.1016/0196-6774(86)90019-2},
       URL = {http://dx.doi.org/10.1016/0196-6774(86)90019-2},
}

@book {AlonSpencer08,
    AUTHOR = {Alon, Noga and Spencer, Joel H.},
     TITLE = {The probabilistic method},
    SERIES = {Wiley-Interscience Series in Discrete Mathematics and
              Optimization},
   EDITION = {Third},
 PUBLISHER = {John Wiley \& Sons, Inc., Hoboken, NJ},
      YEAR = {2008},
     PAGES = {xviii+352},
      ISBN = {978-0-470-17020-5},
   MRCLASS = {60-02 (05C80 60C05 60F99 60G42)},
  MRNUMBER = {2437651 (2009j:60004)},
       DOI = {10.1002/9780470277331},
       URL = {http://dx.doi.org/10.1002/9780470277331},
}

@article{alexander1990geometric,
	Author = {Alexander, R.},
	Date-Added = {2010-06-22 22:25:34 -0400},
	Date-Modified = {2010-06-22 22:25:34 -0400},
	Journal = {Combinatorica},
	Number = {2},
	Pages = {115--136},
	Publisher = {Springer},
	Title = {Geometric methods in the study of irregularities of distribution},
	Volume = {10},
	Year = {1990}}
                  
@article{chazelle1995elementary,
	Author = {Chazelle, B. and Matou{\v{s}}ek, J. and Sharir, M.},
	Date-Added = {2010-06-27 01:25:11 -0400},
	Date-Modified = {2013-08-01 20:33:37 +0000},
	Journal = {Discrete and Computational Geometry},
	Number = {1},
	Pages = {363--381},
	Publisher = {Springer},
	Title = {An Elementary Approach to Lower Bounds in Geometric Discrepancy},
	Volume = {13},
	Year = {1995}}

@article {GLS-ellipsoid,
    AUTHOR = {Gr{\"o}tschel, M. and Lov{\'a}sz, L. and Schrijver, A.},
     TITLE = {The ellipsoid method and its consequences in combinatorial
              optimization},
   JOURNAL = {Combinatorica},
  FJOURNAL = {Combinatorica. An International Journal of the J\'anos Bolyai
              Mathematical Society},
    VOLUME = {1},
      YEAR = {1981},
    NUMBER = {2},
     PAGES = {169--197},
      ISSN = {0209-9683},
     CODEN = {COMBDI},
       DOI = {10.1007/BF02579273},
       URL = {http://dx.doi.org/10.1007/BF02579273},
}

@book {GM-sdp,
    AUTHOR = {G{\"a}rtner, Bernd and Matou{\v{s}}ek, Ji{\v{r}}{\'{\i}}},
     TITLE = {Approximation algorithms and semidefinite programming},
 PUBLISHER = {Springer, Heidelberg},
      YEAR = {2012},
     PAGES = {xii+251},
      ISBN = {978-3-642-22014-2; 978-3-642-22015-9},
       DOI = {10.1007/978-3-642-22015-9},
       URL = {http://dx.doi.org/10.1007/978-3-642-22015-9},
}

@book {BoydV-cvx,
    AUTHOR = {Boyd, Stephen and Vandenberghe, Lieven},
     TITLE = {Convex optimization},
 PUBLISHER = {Cambridge University Press, Cambridge},
      YEAR = {2004},
     PAGES = {xiv+716},
      ISBN = {0-521-83378-7},
   MRCLASS = {90-01 (90C05 90C25 90C46 90C51)},
  MRNUMBER = {2061575 (2005d:90002)},
MRREVIEWER = {Dan Butnariu},
       DOI = {10.1017/CBO9780511804441},
       URL = {http://dx.doi.org/10.1017/CBO9780511804441},
}

@inproceedings{AustrinGH13,
	author={Per Austrin and Venkatesan Guruswami and Johan H{\aa}stad},
	title = {$(2+\epsilon)$-{SAT} is {NP}-hard},
	year ={2013},
	booktitle={ECCC}
}


@article {Seymour-regular,
    AUTHOR = {Seymour, P. D.},
     TITLE = {Decomposition of regular matroids},
   JOURNAL = {J. Combin. Theory Ser. B},
  FJOURNAL = {Journal of Combinatorial Theory. Series B},
    VOLUME = {28},
      YEAR = {1980},
    NUMBER = {3},
     PAGES = {305--359},
      ISSN = {0095-8956},
     CODEN = {JCBTB8},
       DOI = {10.1016/0095-8956(80)90075-1},
       URL = {http://dx.doi.org/10.1016/0095-8956(80)90075-1},
}

@article {GH-tum,
    AUTHOR = {Ghouila-Houri, Alain},
     TITLE = {Caract\'erisation des matrices totalement unimodulaires},
   JOURNAL = {C. R. Acad. Sci. Paris},
    VOLUME = {254},
      YEAR = {1962},
     PAGES = {1192--1194},
}

@article {Matousek98-Lp-beckfiala,
    AUTHOR = {Matou{\v{s}}ek, Ji{\v{r}}{\'{\i}}},
     TITLE = {An {$L_p$} version of the {B}eck-{F}iala conjecture},
   JOURNAL = {European J. Combin.},
  FJOURNAL = {European Journal of Combinatorics},
    VOLUME = {19},
      YEAR = {1998},
    NUMBER = {2},
     PAGES = {175--182},
      ISSN = {0195-6698},
   MRCLASS = {05D05},
  MRNUMBER = {1607937 (98j:05127)},
MRREVIEWER = {Mikl{\'o}s B{\'o}na},
       DOI = {10.1006/eujc.1997.0162},
       URL = {http://dx.doi.org/10.1006/eujc.1997.0162},
}

@book {Bhatia-MA,
    AUTHOR = {Bhatia, Rajendra},
     TITLE = {Matrix analysis},
    SERIES = {Graduate Texts in Mathematics},
    VOLUME = {169},
 PUBLISHER = {Springer-Verlag, New York},
      YEAR = {1997},
     PAGES = {xii+347},
      ISBN = {0-387-94846-5},
       DOI = {10.1007/978-1-4612-0653-8},
       URL = {http://dx.doi.org/10.1007/978-1-4612-0653-8},
}

@book {MarshallOA11-maj,
    AUTHOR = {Marshall, Albert W. and Olkin, Ingram and Arnold, Barry C.},
     TITLE = {Inequalities: theory of majorization and its applications},
    SERIES = {Springer Series in Statistics},
   EDITION = {Second},
 PUBLISHER = {Springer, New York},
      YEAR = {2011},
     PAGES = {xxviii+909},
      ISBN = {978-0-387-40087-7},
   MRCLASS = {26-02 (05-02 26D15 26D20 60E15)},
  MRNUMBER = {2759813 (2012g:26001)},
       DOI = {10.1007/978-0-387-68276-1},
       URL = {http://dx.doi.org/10.1007/978-0-387-68276-1},
}

@article{baranygrinberg,
	Author = {B\'{a}r\'{a}ny, I. and Grinberg, VS},
	Date-Added = {2013-01-10 17:36:01 +0000},
	Date-Modified = {2013-01-10 17:37:05 +0000},
	Journal = {Linear Algebra and its Applications},
	Pages = {1--9},
	Publisher = {Elsevier},
	Title = {On some combinatorial questions in finite-dimensional spaces},
	Volume = {41},
	Year = {1981}}
                  
@article{DoerrSW04-productAP,
                AUTHOR = {Doerr, B. and Srivastav, A. and Wehr, P.},
                 TITLE = {Discrepancy of {C}artesian products of
arithmetic progressions},
               JOURNAL = {Electron. J. Combin.},
                VOLUME = {11},
                  YEAR = {2004},
                 PAGES = {Research Paper 5, 16 pp. (electronic)}
}

@inproceedings {Srinivasan97,
    AUTHOR = {Srinivasan, Aravind},
     TITLE = {Improving the discrepancy bound for sparse matrices: better
              approximations for sparse lattice approximation problems},
 BOOKTITLE = {Proceedings of the {E}ighth {A}nnual {ACM}-{SIAM} {S}ymposium
              on {D}iscrete {A}lgorithms ({N}ew {O}rleans, {LA}, 1997)},
     PAGES = {692--701},
 PUBLISHER = {ACM, New York},
      YEAR = {1997},
   MRCLASS = {68R05 (11Y16)},
  MRNUMBER = {1447718},
}

@article {Matousek99-boxes,
    AUTHOR = {Matou{\v{s}}ek, Ji{\v{r}}{\'{\i}}},
     TITLE = {On the discrepancy for boxes and polytopes},
   JOURNAL = {Monatsh. Math.},
  FJOURNAL = {Monatshefte f\"ur Mathematik},
    VOLUME = {127},
      YEAR = {1999},
    NUMBER = {4},
     PAGES = {325--336},
      ISSN = {0026-9255},
     CODEN = {MNMTA2},
   MRCLASS = {11K38 (05D99)},
  MRNUMBER = {1694830 (2000j:11121)},
MRREVIEWER = {Michael Drmota},
       DOI = {10.1007/s006050050044},
       URL = {http://dx.doi.org/10.1007/s006050050044},
}

@article {ChazelleL01-trace,
    AUTHOR = {Chazelle, B. and Lvov, A.},
     TITLE = {A trace bound for the hereditary discrepancy},
      NOTE = {ACM Symposium on Computational Geometry (Hong Kong, 2000)},
   JOURNAL = {Discrete Comput. Geom.},
  FJOURNAL = {Discrete \& Computational Geometry. An International Journal
              of Mathematics and Computer Science},
    VOLUME = {26},
      YEAR = {2001},
    NUMBER = {2},
     PAGES = {221--231},
      ISSN = {0179-5376},
     CODEN = {DCGEER},
   MRCLASS = {68U05 (11K38)},
  MRNUMBER = {1843438 (2003b:68190)},
       DOI = {10.1145/336154.336179},
       URL = {http://dx.doi.org/10.1145/336154.336179},
}
	
@article {ChazelleL01-boxes,
    AUTHOR = {Chazelle, B. and Lvov, A.},
     TITLE = {The discrepancy of boxes in higher dimension},
      NOTE = {The Micha Sharir birthday issue},
   JOURNAL = {Discrete Comput. Geom.},
  FJOURNAL = {Discrete \& Computational Geometry. An International Journal
              of Mathematics and Computer Science},
    VOLUME = {25},
      YEAR = {2001},
    NUMBER = {4},
     PAGES = {519--524},
      ISSN = {0179-5376},
     CODEN = {DCGEER},
   MRCLASS = {11K38 (68U05)},
  MRNUMBER = {1838418 (2002f:11097)},
MRREVIEWER = {Allen D. Rogers},
       DOI = {10.1007/s00454-001-0014-2},
       URL = {http://dx.doi.org/10.1007/s00454-001-0014-2},
}

@article{KonevL14,
  author    = {Boris Konev and
               Alexei Lisitsa},
  title     = {A SAT Attack on the Erd{\Hold{o}}s Discrepancy Conjecture},
  journal   = {CoRR},
  volume    = {abs/1402.2184},
  year      = 2014,
  ee        = {http://arxiv.org/abs/1402.2184},
  bibsource = {DBLP, http://dblp.uni-trier.de}
}

@book{Rockafellar,
    AUTHOR = {Rockafellar, R. Tyrrell},
     TITLE = {Convex analysis},
    SERIES = {Princeton Mathematical Series, No. 28},
 PUBLISHER = {Princeton University Press, Princeton, N.J.},
      YEAR = {1970},
     PAGES = {xviii+451},
   MRCLASS = {26.52 (46.00)},
  MRNUMBER = {0274683 (43 \#445)},
MRREVIEWER = {Ky Fan},
}

@book {N92-qMC,
    AUTHOR = {Niederreiter, Harald},
     TITLE = {Random number generation and quasi-{M}onte {C}arlo methods},
    SERIES = {CBMS-NSF Regional Conference Series in Applied Mathematics},
    VOLUME = {63},
 PUBLISHER = {Society for Industrial and Applied Mathematics (SIAM),
              Philadelphia, PA},
      YEAR = {1992},
     PAGES = {vi+241},
      ISBN = {0-89871-295-5},
   MRCLASS = {65C10 (11K38 11K45 65C05)},
  MRNUMBER = {1172997 (93h:65008)},
MRREVIEWER = {Henri Faure},
       DOI = {10.1137/1.9781611970081},
       URL = {http://dx.doi.org/10.1137/1.9781611970081},
}

@INPROCEEDINGS{Shirley91-compgraph,
    author = {Peter Shirley},
    title = {Discrepancy as a Quality Measure for Sample Distributions},
    booktitle = {In Eurographics '91},
    year = {1991},
    pages = {183--194},
    publisher = {Elsevier Science Publishers}
}

@book {Glasserman04-finance,
    AUTHOR = {Glasserman, Paul},
     TITLE = {Monte {C}arlo methods in financial engineering},
    SERIES = {Applications of Mathematics (New York)},
    VOLUME = {53},
      NOTE = {Stochastic Modelling and Applied Probability},
 PUBLISHER = {Springer-Verlag, New York},
      YEAR = {2004},
     PAGES = {xiv+596},
      ISBN = {0-387-00451-3},
   MRCLASS = {65C05 (91-02 91B28)},
  MRNUMBER = {1999614 (2004g:65005)},
MRREVIEWER = {Benjamin Jourdain},
}

@article {Matousek96-derand,
    AUTHOR = {Matou{\v{s}}ek, Ji{\v{r}}{\'{\i}}},
     TITLE = {Derandomization in computational geometry},
   JOURNAL = {J. Algorithms},
  FJOURNAL = {Journal of Algorithms},
    VOLUME = {20},
      YEAR = {1996},
    NUMBER = {3},
     PAGES = {545--580},
      ISSN = {0196-6774},
     CODEN = {JOALDV},
   MRCLASS = {68U05 (68Q10)},
  MRNUMBER = {1386784 (97a:68166)},
MRREVIEWER = {Evangelos Kranakis},
       DOI = {10.1006/jagm.1996.0027},
       URL = {http://dx.doi.org/10.1006/jagm.1996.0027},
}

@article {AlonM95-poly,
    AUTHOR = {Alon, Noga and Mansour, Yishay},
     TITLE = {{$\epsilon$}-discrepancy sets and their application for
              interpolation of sparse polynomials},
   JOURNAL = {Inform. Process. Lett.},
  FJOURNAL = {Information Processing Letters},
    VOLUME = {54},
      YEAR = {1995},
    NUMBER = {6},
     PAGES = {337--342},
      ISSN = {0020-0190},
     CODEN = {IFPLAT},
   MRCLASS = {11K31 (11K38 11Y16 65D05)},
  MRNUMBER = {1336714 (96g:11094)},
MRREVIEWER = {Robert F. Tichy},
       DOI = {10.1016/0020-0190(95)00032-8},
       URL = {http://dx.doi.org/10.1016/0020-0190(95)00032-8},
}

@article{NaorN93-epsbias,
  author    = {Joseph Naor and
               Moni Naor},
  title     = {Small-Bias Probability Spaces: Efficient Constructions and Applications.},
  journal   = {{SIAM} J. Comput.},
  year      = {1993},
  volume    = {22},
  number    = {4},
  pages     = {838--856},
  url       = {http://dx.doi.org/10.1137/0222053},
  doi       = {10.1137/0222053},
  timestamp = {Wed, 03 Sep 2014 01:59:31 +0200},
  biburl    = {http://dblp.uni-trier.de/rec/bib/journals/siamcomp/NaorN93},
  bibsource = {dblp computer science bibliography, http://dblp.org}
}

@article{AlonGHP92,
  author    = {Noga Alon and
               Oded Goldreich and
               Johan H\aa{}stad and
               Ren\'{e} Peralta},
  title     = {Simple Construction of Almost k-wise Independent Random Variables.},
  journal   = {Random Struct. Algorithms},
  year      = {1992},
  volume    = {3},
  number    = {3},
  pages     = {289--304},
  url       = {http://dx.doi.org/10.1002/rsa.3240030308},
  doi       = {10.1002/rsa.3240030308},
  timestamp = {Wed, 03 Sep 2014 02:00:57 +0200},
  biburl    = {http://dblp.uni-trier.de/rec/bib/journals/rsa/AlonGHP92},
  bibsource = {dblp computer science bibliography, http://dblp.org}
}

@article{GoldreichGR98,
 author = {Goldreich, Oded and Goldwasser, Shari and Ron, Dana},
 title = {Property Testing and Its Connection to Learning and Approximation},
 journal = {J. ACM},
 issue_date = {July 1998},
 volume = {45},
 number = {4},
 month = jul,
 year = {1998},
 issn = {0004-5411},
 pages = {653--750},
 numpages = {98},
 url = {http://doi.acm.org/10.1145/285055.285060},
 doi = {10.1145/285055.285060},
 acmid = {285060},
 publisher = {ACM},
 address = {New York, NY, USA},
 keywords = {approximation algorithms, computational learning theory, graph algorithms},
} 

@article{AlonYZ95-colorcoding,
 author = {Alon, Noga and Yuster, Raphael and Zwick, Uri},
 title = {Color-coding},
 journal = {J. ACM},
 issue_date = {July 1995},
 volume = {42},
 number = {4},
 month = jul,
 year = {1995},
 issn = {0004-5411},
 pages = {844--856},
 numpages = {13},
 url = {http://doi.acm.org/10.1145/210332.210337},
 doi = {10.1145/210332.210337},
 acmid = {210337},
 publisher = {ACM},
 address = {New York, NY, USA},
 keywords = {derandomization, perfect hashing, subgraph isomorphism, tree-width},
} 

@article{BroderCFM00,
  author    = {Andrei Z. Broder and
               Moses Charikar and
               Alan M. Frieze and
               Michael Mitzenmacher},
  title     = {Min-Wise Independent Permutations.},
  journal   = {J. Comput. Syst. Sci.},
  year      = {2000},
  volume    = {60},
  number    = {3},
  pages     = {630--659},
  url       = {http://dx.doi.org/10.1006/jcss.1999.1690},
  doi       = {10.1006/jcss.1999.1690},
  timestamp = {Wed, 03 Sep 2014 02:20:43 +0200},
  biburl    = {http://dblp.uni-trier.de/rec/bib/journals/jcss/BroderCFM00},
  bibsource = {dblp computer science bibliography, http://dblp.org}
}

@article {median-fiveppl,
    AUTHOR = {Blum, Manuel and Pratt, Vaughan and Tarjan, Robert E. and
              Floyd, Robert W. and Rivest, Ronald L.},
     TITLE = {Time bounds for selection},
      NOTE = {Fourth Annual ACM Symposium on the Theory of Computing
              (Denver, Colo., 1972)},
   JOURNAL = {J. Comput. System Sci.},
  FJOURNAL = {Journal of Computer and System Sciences},
    VOLUME = {7},
      YEAR = {1973},
     PAGES = {448--461},
      ISSN = {0022-0000},
   MRCLASS = {05A99},
  MRNUMBER = {0329916 (48 \#8256)},
MRREVIEWER = {Ian Munro},
}

@book {NisanK97-CC,
    AUTHOR = {Kushilevitz, Eyal and Nisan, Noam},
     TITLE = {Communication complexity},
 PUBLISHER = {Cambridge University Press, Cambridge},
      YEAR = {1997},
     PAGES = {xiv+189},
      ISBN = {0-521-56067-5},
   MRCLASS = {68Q15 (68-02 68Q10 68Q25 94C10)},
  MRNUMBER = {1426129 (98c:68074)},
MRREVIEWER = {Juraj Hromkovi{\v{c}}},
}

@book {Chung97-spectral,
    AUTHOR = {Chung, Fan R. K.},
     TITLE = {Spectral graph theory},
    SERIES = {CBMS Regional Conference Series in Mathematics},
    VOLUME = {92},
 PUBLISHER = {Published for the Conference Board of the Mathematical
              Sciences, Washington, DC; by the American Mathematical
              Society, Providence, RI},
      YEAR = {1997},
     PAGES = {xii+207},
      ISBN = {0-8218-0315-8},
   MRCLASS = {58G99 (05C50 35P05 46N20 47N20)},
  MRNUMBER = {1421568 (97k:58183)},
MRREVIEWER = {Robert Brooks},
}

@article {BiluLinial06,
    AUTHOR = {Bilu, Yonatan and Linial, Nathan},
     TITLE = {Lifts, discrepancy and nearly optimal spectral gap},
   JOURNAL = {Combinatorica},
  FJOURNAL = {Combinatorica. An International Journal on Combinatorics and
              the Theory of Computing},
    VOLUME = {26},
      YEAR = {2006},
    NUMBER = {5},
     PAGES = {495--519},
      ISSN = {0209-9683},
   MRCLASS = {05C50},
  MRNUMBER = {2279667 (2008a:05160)},
MRREVIEWER = {Sebastian M. Cioab{\u{a}}},
       DOI = {10.1007/s00493-006-0029-7},
       URL = {http://dx.doi.org/10.1007/s00493-006-0029-7},
}

@Article{HooryLW06-expanders,
    Author = {Shlomo {Hoory} and Nathan {Linial} and Avi {Widgerson}},
    Title = {{Expander graphs and their applications.}},
    FJournal = {{Bulletin (New Series) of the American Mathematical Society}},
    Journal = {{Bull. Am. Math. Soc., New Ser.}},
    ISSN = {0273-0979; 1088-9485/e},
    Volume = {43},
    Number = {4},
    Pages = {439--561},
    Year = {2006},
    Publisher = {American Mathematical Society, Providence, RI},
    Language = {English},
    DOI = {10.1090/S0273-0979-06-01126-8},
    MSC2010 = {68R10 68-02 05-02 68Q15 68Q17 94B05 05C25 05C80},
    Zbl = {1147.68608}
}


@article {Bana93,
    AUTHOR = {Banaszczyk, Wojciech},
     TITLE = {Balancing vectors and convex bodies},
   JOURNAL = {Studia Math.},
  FJOURNAL = {Studia Mathematica},
    VOLUME = {106},
      YEAR = {1993},
    NUMBER = {1},
     PAGES = {93--100},
      ISSN = {0039-3223},
   MRCLASS = {52C07 (46A55 52A20 52A40)},
  MRNUMBER = {1226426 (94g:52020)},
MRREVIEWER = {Keith Ball},
}

@article {Bohus,
    AUTHOR = {Bohus, G{\'e}za},
     TITLE = {On the discrepancy of {$3$} permutations},
   JOURNAL = {Random Structures Algorithms},
  FJOURNAL = {Random Structures \& Algorithms},
    VOLUME = {1},
      YEAR = {1990},
    NUMBER = {2},
     PAGES = {215--220},
      ISSN = {1042-9832},
   MRCLASS = {05A05},
  MRNUMBER = {1138427 (92i:05007)},
MRREVIEWER = {J. Spencer},
       DOI = {10.1002/rsa.3240010208},
       URL = {http://dx.doi.org/10.1002/rsa.3240010208},
}

@incollection {BeckSos95,
    AUTHOR = {Beck, J{\'o}zsef and S{\'o}s, Vera T.},
     TITLE = {Discrepancy theory},
 BOOKTITLE = {Handbook of combinatorics, {V}ol.\ 1,\ 2},
     PAGES = {1405--1446},
 PUBLISHER = {Elsevier, Amsterdam},
      YEAR = {1995},
   MRCLASS = {11K38 (05D10)},
  MRNUMBER = {1373682 (96m:11060)},
MRREVIEWER = {Robert F. Tichy},
}

@inproceedings {Lovasz-hypergraph-col,
    AUTHOR = {Lov{\'a}sz, L.},
     TITLE = {Coverings and coloring of hypergraphs},
 BOOKTITLE = {Proceedings of the {F}ourth {S}outheastern {C}onference on
              {C}ombinatorics, {G}raph {T}heory, and {C}omputing ({F}lorida
              {A}tlantic {U}niv., {B}oca {R}aton, {F}la., 1973)},
     PAGES = {3--12},
 PUBLISHER = {Utilitas Math., Winnipeg, Man.},
      YEAR = {1973},
   MRCLASS = {05C15},
  MRNUMBER = {0363980 (51 \#235)},
MRREVIEWER = {J. Sedlacek},
}

@article{Vadhan12-pseudorandomness,
  author    = {Salil P. Vadhan},
  title     = {Pseudorandomness.},
  journal   = {Foundations and Trends in Theoretical Computer Science},
  year      = {2012},
  volume    = {7},
  number    = {1-3},
  pages     = {1--336},
  url       = {http://dx.doi.org/10.1561/0400000010},
  doi       = {10.1561/0400000010},
  timestamp = {Wed, 03 Sep 2014 03:26:55 +0200},
  biburl    = {http://dblp.uni-trier.de/rec/bib/journals/fttcs/Vadhan12},
  bibsource = {dblp computer science bibliography, http://dblp.org}
}

@phdthesis{Woodruff-thesis,
  title={Efficient and private distance approximation in the communication and streaming models},
  author={Woodruff, David Paul},
  year={2007},
  school={Massachusetts Institute of Technology}
}

@inproceedings{KaneNW10,
  author    = {Daniel M. Kane and
               Jelani Nelson and
               David P. Woodruff},
  title     = {An optimal algorithm for the distinct elements problem},
  booktitle = {Proceedings of the Twenty-Ninth {ACM} {SIGMOD-SIGACT-SIGART} Symposium
               on Principles of Database Systems, {PODS} 2010, June 6-11, 2010, Indianapolis,
               Indiana, {USA}},
  year      = {2010},
  pages     = {41--52},
  url       = {http://doi.acm.org/10.1145/1807085.1807094},
  doi       = {10.1145/1807085.1807094},
  timestamp = {Tue, 09 Sep 2014 05:47:03 +0200},
  biburl    = {http://dblp.uni-trier.de/rec/bib/conf/pods/KaneNW10},
  bibsource = {dblp computer science bibliography, http://dblp.org}
}

@article{JayramW13,
  author    = {T. S. Jayram and
               David P. Woodruff},
  title     = {Optimal Bounds for Johnson-Lindenstrauss Transforms and Streaming
               Problems with Subconstant Error},
  journal   = {{ACM} Transactions on Algorithms},
  year      = {2013},
  volume    = {9},
  number    = {3},
  pages     = {26},
  url       = {http://doi.acm.org/10.1145/2483699.2483706},
  doi       = {10.1145/2483699.2483706},
  timestamp = {Tue, 09 Sep 2014 05:48:20 +0200},
  biburl    = {http://dblp.uni-trier.de/rec/bib/journals/talg/JayramW13},
  bibsource = {dblp computer science bibliography, http://dblp.org}
}

@inproceedings{Woodruff04,
  author    = {David P. Woodruff},
  title     = {Optimal space lower bounds for all frequency moments},
  booktitle = {Proceedings of the Fifteenth Annual {ACM-SIAM} Symposium on Discrete
               Algorithms, {SODA} 2004, New Orleans, Louisiana, USA, January 11-14,
               2004},
  year      = {2004},
  pages     = {167--175},
  url       = {http://dl.acm.org/citation.cfm?id=982792.982817},
  timestamp = {Tue, 09 Sep 2014 05:57:21 +0200},
  biburl    = {http://dblp.uni-trier.de/rec/bib/conf/soda/Woodruff04},
  bibsource = {dblp computer science bibliography, http://dblp.org}
}

@inproceedings{Yao79-CC,
  author    = {Andrew Chi{-}Chih Yao},
  title     = {Some Complexity Questions Related to Distributive Computing (Preliminary
               Report)},
  booktitle = {Proceedings of the 11h Annual {ACM} Symposium on Theory of Computing,
               April 30 - May 2, 1979, Atlanta, Georgia, {USA}},
  year      = {1979},
  pages     = {209--213},
  url       = {http://doi.acm.org/10.1145/800135.804414},
  doi       = {10.1145/800135.804414},
  timestamp = {Tue, 09 Sep 2014 06:52:32 +0200},
  biburl    = {http://dblp.uni-trier.de/rec/bib/conf/stoc/Yao79},
  bibsource = {dblp computer science bibliography, http://dblp.org}
}

@inproceedings{Yao77-minmax,
  author    = {Andrew Chi{-}Chih Yao},
  title     = {Probabilistic Computations: Toward a Unified Measure of Complexity
               (Extended Abstract)},
  booktitle = {18th Annual Symposium on Foundations of Computer Science, Providence,
               Rhode Island, USA, 31 October - 1 November 1977},
  year      = {1977},
  pages     = {222--227},
  url       = {http://doi.ieeecomputersociety.org/10.1109/SFCS.1977.24},
  doi       = {10.1109/SFCS.1977.24},
  timestamp = {Tue, 09 Sep 2014 06:54:56 +0200},
  biburl    = {http://dblp.uni-trier.de/rec/bib/conf/focs/Yao77},
  bibsource = {dblp computer science bibliography, http://dblp.org}
}

@inproceedings{Bar-YossefJKS02,
  author    = {Ziv Bar{-}Yossef and
               T. S. Jayram and
               Ravi Kumar and
               D. Sivakumar},
  title     = {Information Theory Methods in Communication Complexity},
  booktitle = {Proceedings of the 17th Annual {IEEE} Conference on Computational
               Complexity, Montr{\'{e}}al, Qu{\'{e}}bec, Canada, May 21-24,
               2002},
  year      = {2002},
  pages     = {93--102},
  url       = {http://doi.ieeecomputersociety.org/10.1109/CCC.2002.1004344},
  doi       = {10.1109/CCC.2002.1004344},
  timestamp = {Tue, 09 Sep 2014 20:15:00 +0200},
  biburl    = {http://dblp.uni-trier.de/rec/bib/conf/coco/Bar-YossefJKS02},
  bibsource = {dblp computer science bibliography, http://dblp.org}
}

@book {CoverJoy2nd,
    AUTHOR = {Cover, Thomas M. and Thomas, Joy A.},
     TITLE = {Elements of information theory},
   EDITION = {Second},
 PUBLISHER = {Wiley-Interscience [John Wiley \& Sons], Hoboken, NJ},
      YEAR = {2006},
     PAGES = {xxiv+748},
      ISBN = {978-0-471-24195-9; 0-471-24195-4},
   MRCLASS = {00-01 (94-01)},
  MRNUMBER = {2239987 (2007h:00002)},
}

@article{Muthu-book,
  author    = {S. Muthukrishnan},
  title     = {Data Streams: Algorithms and Applications},
  journal   = {Foundations and Trends in Theoretical Computer Science},
  year      = {2005},
  volume    = {1},
  number    = {2},
  url       = {http://dx.doi.org/10.1561/0400000002},
  doi       = {10.1561/0400000002},
  timestamp = {Thu, 11 Sep 2014 00:04:12 +0200},
  biburl    = {http://dblp.uni-trier.de/rec/bib/journals/fttcs/Muthukrishnan05},
  bibsource = {dblp computer science bibliography, http://dblp.org}
}

@article{HuangYi14,
  author = {Huang, Zengfeng and Yi, Ke},
  title = {The Communication Complexity of Distributed $\varepsilon$-Approximations},
  year = {2014},
  url = {http://www.cse.ust.hk/~huangzf/eps-approx.pdf},
  note = {To appear in FOCS 2014}
}

@inproceedings{AjtaiKS87,
  author    = {Mikl{\'{o}}s Ajtai and
               J{\'{a}}nos Koml{\'{o}}s and
               Endre Szemer{\'{e}}di},
  title     = {Deterministic Simulation in {LOGSPACE}},
  booktitle = {Proceedings of the 19th Annual {ACM} Symposium on Theory of Computing,
               1987, New York, New York, {USA}},
  year      = {1987},
  pages     = {132--140},
  url       = {http://doi.acm.org/10.1145/28395.28410},
  doi       = {10.1145/28395.28410},
  timestamp = {Tue, 16 Sep 2014 05:10:16 +0200},
  biburl    = {http://dblp.uni-trier.de/rec/bib/conf/stoc/AjtaiKS87},
  bibsource = {dblp computer science bibliography, http://dblp.org}
}

@inproceedings{CohenW89,
  author    = {Aviad Cohen and
               Avi Wigderson},
  title     = {Dispersers, Deterministic Amplification, and Weak Random Sources (Extended
               Abstract)},
  booktitle = {30th Annual Symposium on Foundations of Computer Science, Research
               Triangle Park, North Carolina, USA, 30 October - 1 November 1989},
  year      = {1989},
  pages     = {14--19},
  url       = {http://doi.ieeecomputersociety.org/10.1109/SFCS.1989.63449},
  doi       = {10.1109/SFCS.1989.63449},
  timestamp = {Tue, 16 Sep 2014 05:11:22 +0200},
  biburl    = {http://dblp.uni-trier.de/rec/bib/conf/focs/CohenW89},
  bibsource = {dblp computer science bibliography, http://dblp.org}
}

@inproceedings{ImpagliazzoZ89,
  author    = {Russell Impagliazzo and
               David Zuckerman},
  title     = {How to Recycle Random Bits},
  booktitle = {30th Annual Symposium on Foundations of Computer Science, Research
               Triangle Park, North Carolina, USA, 30 October - 1 November 1989},
  year      = {1989},
  pages     = {248--253},
  url       = {http://doi.ieeecomputersociety.org/10.1109/SFCS.1989.63486},
  doi       = {10.1109/SFCS.1989.63486},
  timestamp = {Tue, 16 Sep 2014 05:12:04 +0200},
  biburl    = {http://dblp.uni-trier.de/rec/bib/conf/focs/ImpagliazzoZ89},
  bibsource = {dblp computer science bibliography, http://dblp.org}
}

@article{AlonFWZ95,
  author    = {Noga Alon and
               Uriel Feige and
               Avi Wigderson and
               David Zuckerman},
  title     = {Derandomized Graph Products},
  journal   = {Computational Complexity},
  year      = {1995},
  volume    = {5},
  number    = {1},
  pages     = {60--75},
  url       = {http://dx.doi.org/10.1007/BF01277956},
  doi       = {10.1007/BF01277956},
  timestamp = {Tue, 16 Sep 2014 05:17:03 +0200},
  biburl    = {http://dblp.uni-trier.de/rec/bib/journals/cc/AlonFWZ95},
  bibsource = {dblp computer science bibliography, http://dblp.org}
}

@article {Nilli91,
    AUTHOR = {Nilli, A.},
     TITLE = {On the second eigenvalue of a graph},
   JOURNAL = {Discrete Math.},
  FJOURNAL = {Discrete Mathematics},
    VOLUME = {91},
      YEAR = {1991},
    NUMBER = {2},
     PAGES = {207--210},
      ISSN = {0012-365X},
     CODEN = {DSMHA4},
   MRCLASS = {05C50},
  MRNUMBER = {1124768 (92j:05124)},
MRREVIEWER = {Wan Di Wei},
       DOI = {10.1016/0012-365X(91)90112-F},
       URL = {http://dx.doi.org/10.1016/0012-365X(91)90112-F},
}

@article {Friedman08,
    AUTHOR = {Friedman, Joel},
     TITLE = {A proof of {A}lon's second eigenvalue conjecture and related
              problems},
   JOURNAL = {Mem. Amer. Math. Soc.},
  FJOURNAL = {Memoirs of the American Mathematical Society},
    VOLUME = {195},
      YEAR = {2008},
    NUMBER = {910},
     PAGES = {viii+100},
      ISSN = {0065-9266},
     CODEN = {MAMCAU},
      ISBN = {978-0-8218-4280-5},
   MRCLASS = {05C50 (05C80 05C81 68R10)},
  MRNUMBER = {2437174 (2010e:05181)},
MRREVIEWER = {Thomas Britz},
       DOI = {10.1090/memo/0910},
       URL = {http://dx.doi.org/10.1090/memo/0910},
}

@inproceedings{MarcusSS13-Interlace1,
  author    = {Adam Marcus and
               Daniel A. Spielman and
               Nikhil Srivastava},
  title     = {Interlacing Families {I:} Bipartite Ramanujan Graphs of All Degrees},
  booktitle = {54th Annual {IEEE} Symposium on Foundations of Computer Science, {FOCS}
               2013, 26-29 October, 2013, Berkeley, CA, {USA}},
  year      = {2013},
  pages     = {529--537},
  url       = {http://doi.ieeecomputersociety.org/10.1109/FOCS.2013.63},
  doi       = {10.1109/FOCS.2013.63},
  timestamp = {Tue, 16 Sep 2014 05:41:33 +0200},
  biburl    = {http://dblp.uni-trier.de/rec/bib/conf/focs/MarcusSS13},
  bibsource = {dblp computer science bibliography, http://dblp.org}
}

@article{MarcusSS13-Interlace2,
  title={Interlacing families II: Mixed characteristic polynomials and the Kadison-Singer problem},
  author={Marcus, Adam and Spielman, Daniel A and Srivastava, Nikhil},
  journal={arXiv preprint arXiv:1306.3969},
  year={2013}
}

@unpublished{srivastava-KS-post,
	Author = {Nikhil Srivastava},
	Note = {\url{http://windowsontheory.org/2013/07/11/discrepancy-graphs-and-the-kadison-singer-conjecture-2/}},
	Title = {Erd{\Hold{o}}s Discrepancy Problem 22},
	Urldate = {09/16/2014},
	Year = {2013}}

@article{BatsonSS14,
  author    = {Joshua D. Batson and
               Daniel A. Spielman and
               Nikhil Srivastava},
  title     = {Twice-Ramanujan Sparsifiers},
  journal   = {{SIAM} Review},
  year      = {2014},
  volume    = {56},
  number    = {2},
  pages     = {315--334},
  url       = {http://dx.doi.org/10.1137/130949117},
  doi       = {10.1137/130949117},
  timestamp = {Tue, 16 Sep 2014 08:05:52 +0200},
  biburl    = {http://dblp.uni-trier.de/rec/bib/journals/siamrev/BatsonSS14},
  bibsource = {dblp computer science bibliography, http://dblp.org}
}

@article {ErdosGPS88,
    AUTHOR = {Erd{\H{o}}s, Paul and Goldberg, Mark and Pach, J{\'a}nos and
              Spencer, Joel},
     TITLE = {Cutting a graph into two dissimilar halves},
   JOURNAL = {J. Graph Theory},
  FJOURNAL = {Journal of Graph Theory},
    VOLUME = {12},
      YEAR = {1988},
    NUMBER = {1},
     PAGES = {121--131},
      ISSN = {0364-9024},
     CODEN = {JGTHDO},
   MRCLASS = {05C35},
  MRNUMBER = {928742 (89j:05043)},
       DOI = {10.1002/jgt.3190120113},
       URL = {http://dx.doi.org/10.1002/jgt.3190120113},
}

@article {ErdosSpencer72,
    AUTHOR = {Erd{\H{o}}s, P. and Spencer, J.},
     TITLE = {Imbalances in {$k$}-colorations},
   JOURNAL = {Networks},
  FJOURNAL = {Networks. An International Journal},
    VOLUME = {1},
      YEAR = {1971/72},
     PAGES = {379--385},
      ISSN = {0028-3045},
   MRCLASS = {05C15},
  MRNUMBER = {0299525 (45 \#8573)},
MRREVIEWER = {F. Harary},
}

@article {BollobasScott11,
    AUTHOR = {Bollob{\'a}s, B{\'e}la and Scott, Alex},
     TITLE = {Intersections of graphs},
   JOURNAL = {J. Graph Theory},
  FJOURNAL = {Journal of Graph Theory},
    VOLUME = {66},
      YEAR = {2011},
    NUMBER = {4},
     PAGES = {261--282},
      ISSN = {0364-9024},
     CODEN = {JGTHDO},
   MRCLASS = {05D05 (05C80 05D40 05E15)},
  MRNUMBER = {2791447 (2012c:05330)},
MRREVIEWER = {Bal{\'a}zs Patk{\'o}s},
       DOI = {10.1002/jgt.20489},
       URL = {http://dx.doi.org/10.1002/jgt.20489},
}

@inproceedings{BenczurKarger96,
  author    = {Andr{\'{a}}s A. Bencz{\'{u}}r and
               David R. Karger},
  title     = {Approximating \emph{s-t} Minimum Cuts in \emph{{\~{O}}}(\emph{n}\({}^{\mbox{2}}\))
               Time},
  booktitle = {Proceedings of the Twenty-Eighth Annual {ACM} Symposium on the Theory
               of Computing, Philadelphia, Pennsylvania, USA, May 22-24, 1996},
  year      = {1996},
  pages     = {47--55},
  url       = {http://doi.acm.org/10.1145/237814.237827},
  doi       = {10.1145/237814.237827},
  timestamp = {Wed, 17 Sep 2014 05:59:12 +0200},
  biburl    = {http://dblp.uni-trier.de/rec/bib/conf/stoc/BenczurK96},
  bibsource = {dblp computer science bibliography, http://dblp.org}
}

@book {CS-book,
     TITLE = {Compressed sensing},
    EDITOR = {Eldar, Yonina C. and Kutyniok, Gitta},
      NOTE = {Theory and applications},
 PUBLISHER = {Cambridge University Press, Cambridge},
      YEAR = {2012},
     PAGES = {xii+544},
      ISBN = {978-1-107-00558-7},
   MRCLASS = {94-06 (94A20)},
  MRNUMBER = {2961961},
       DOI = {10.1017/CBO9780511794308},
       URL = {http://dx.doi.org/10.1017/CBO9780511794308},
}

@article {BaraniukCD10-modelCS,
    AUTHOR = {Baraniuk, Richard G. and Cevher, Volkan and Duarte, Marco F.
              and Hegde, Chinmay},
     TITLE = {Model-based compressive sensing},
   JOURNAL = {IEEE Trans. Inform. Theory},
  FJOURNAL = {Institute of Electrical and Electronics Engineers.
              Transactions on Information Theory},
    VOLUME = {56},
      YEAR = {2010},
    NUMBER = {4},
     PAGES = {1982--2001},
      ISSN = {0018-9448},
     CODEN = {IETTAW},
   MRCLASS = {94A20 (42C15 94A12)},
  MRNUMBER = {2654489},
       DOI = {10.1109/TIT.2010.2040894},
       URL = {http://dx.doi.org/10.1109/TIT.2010.2040894},
}

@article {CandesPaige08,
    AUTHOR = {Cand{\`e}s, Emmanuel J. and Randall, Paige A.},
     TITLE = {Highly robust error correction by convex programming},
   JOURNAL = {IEEE Trans. Inform. Theory},
  FJOURNAL = {Institute of Electrical and Electronics Engineers.
              Transactions on Information Theory},
    VOLUME = {54},
      YEAR = {2008},
    NUMBER = {7},
     PAGES = {2829--2840},
      ISSN = {0018-9448},
     CODEN = {IETTAW},
   MRCLASS = {94B05 (90C25)},
  MRNUMBER = {2450835 (2009h:94185)},
       DOI = {10.1109/TIT.2008.924688},
       URL = {http://dx.doi.org/10.1109/TIT.2008.924688},
}

@book{WilliamsonShmoys,
  author    = {David P. Williamson and
               David B. Shmoys},
  title     = {The Design of Approximation Algorithms},
  year      = {2011},
  publisher = {Cambridge University Press},
  url       = {http://www.cambridge.org/de/knowledge/isbn/item5759340/?site_locale=de_DE},
  isbn      = {978-0-521-19527-0},
  timestamp = {Thu, 25 Sep 2014 02:02:23 +0200},
  biburl    = {http://dblp.uni-trier.de/rec/bib/books/daglib/0030297},
  bibsource = {dblp computer science bibliography, http://dblp.org}
}

@book{Vazirani,
  author    = {Vijay V. Vazirani},
  title     = {Approximation algorithms},
  year      = {2001},
  publisher = {Springer},
  url       = {http://www.springer.com/computer/theoretical+computer+science/book/978-3-540-65367-7},
  isbn      = {978-3-540-65367-7},
  timestamp = {Thu, 25 Sep 2014 02:03:51 +0200},
  biburl    = {http://dblp.uni-trier.de/rec/bib/books/daglib/0004338},
  bibsource = {dblp computer science bibliography, http://dblp.org}
}

@Article{GilmoreG61,
    Author = {P.C. {Gilmore} and R.E. {Gomory}},
    Title = {{A linear programming approach to the cutting-stock problem.}},
    FJournal = {{Operations Research}},
    Journal = {{Oper. Res.}},
    ISSN = {0030-364X; 1526-5463/e},
    Volume = {9},
    Pages = {849--859},
    Year = {1961},
    Publisher = {INFORMS, Hanover, MD},
    Language = {English},
    DOI = {10.1287/opre.9.6.849},
    Zbl = {0096.35501}
}

@inproceedings{KarmarkarK82,
  author    = {Narendra Karmarkar and
               Richard M. Karp},
  title     = {An Efficient Approximation Scheme for the One-Dimensional Bin-Packing
               Problem},
  booktitle = {23rd Annual Symposium on Foundations of Computer Science, Chicago,
               Illinois, USA, 3-5 November 1982},
  year      = {1982},
  pages     = {312--320},
  url       = {http://doi.ieeecomputersociety.org/10.1109/SFCS.1982.61},
  doi       = {10.1109/SFCS.1982.61},
  timestamp = {Thu, 25 Sep 2014 02:10:59 +0200},
  biburl    = {http://dblp.uni-trier.de/rec/bib/conf/focs/KarmarkarK82},
  bibsource = {dblp computer science bibliography, http://dblp.org}
}

@article{RaghavanT87,
  author    = {Prabhakar Raghavan and
               Clark D. Thompson},
  title     = {Randomized rounding: a technique for provably good algorithms and
               algorithmic proofs},
  journal   = {Combinatorica},
  year      = {1987},
  volume    = {7},
  number    = {4},
  pages     = {365--374},
  url       = {http://dx.doi.org/10.1007/BF02579324},
  doi       = {10.1007/BF02579324},
  timestamp = {Thu, 25 Sep 2014 07:43:43 +0200},
  biburl    = {http://dblp.uni-trier.de/rec/bib/journals/combinatorica/RaghavanT87},
  bibsource = {dblp computer science bibliography, http://dblp.org}
}

@inproceedings {NT15,
    AUTHOR = {Nikolov, Aleksandar and Talwar, Kunal},
     TITLE = {Approximating hereditary discrepancy via small width
              ellipsoids},
 BOOKTITLE = {Proceedings of the {T}wenty-{S}ixth {A}nnual {ACM}-{SIAM}
              {S}ymposium on {D}iscrete {A}lgorithms},
     PAGES = {324--336},
 PUBLISHER = {SIAM, Philadelphia, PA},
      YEAR = {2015},
   MRCLASS = {11K38 (68U05 90C90)},
  MRNUMBER = {3451048},
       DOI = {10.1137/1.9781611973730.24},
       URL = {https://doi.org/10.1137/1.9781611973730.24},
}

@article{e8-tusnady,
       Author = {Matou\v{s}ek, Ji\v{r}\'{\i} and Nikolov, Aleksandar},
       title={Combinatorial Discrepancy for Boxes via the Ellipsoid-Infinity Norm},
      Eprint = {1408.1376},
      year={2014},
}       

@article {LinialS09-gamma2,
    AUTHOR = {Linial, Nati and Shraibman, Adi},
     TITLE = {Lower bounds in communication complexity based on
              factorization norms},
   JOURNAL = {Random Structures Algorithms},
  FJOURNAL = {Random Structures \& Algorithms},
    VOLUME = {34},
      YEAR = {2009},
    NUMBER = {3},
     PAGES = {368--394},
      ISSN = {1042-9832},
   MRCLASS = {68Q17 (68W20 81P45 81P68 94A05)},
  MRNUMBER = {2504403 (2010m:68052)},
MRREVIEWER = {Xiaoming Sun},
       DOI = {10.1002/rsa.20232},
       URL = {http://dx.doi.org/10.1002/rsa.20232},
}

@article {LinialMSS07,
    AUTHOR = {Linial, Nati and Mendelson, Shahar and Schechtman, Gideon and
              Shraibman, Adi},
     TITLE = {Complexity measures of sign matrices},
   JOURNAL = {Combinatorica},
  FJOURNAL = {Combinatorica. An International Journal on Combinatorics and
              the Theory of Computing},
    VOLUME = {27},
      YEAR = {2007},
    NUMBER = {4},
     PAGES = {439--463},
      ISSN = {0209-9683},
   MRCLASS = {68Q15 (05B20 15A57 46B07 68Q17 68Q32)},
  MRNUMBER = {2359826 (2008j:68024)},
MRREVIEWER = {Hans-Ulrich Simon},
       DOI = {10.1007/s00493-007-2160-5},
       URL = {http://dx.doi.org/10.1007/s00493-007-2160-5},
}

@article{disc-gamma2,
author = {Matou\v{s}ek, Ji\v{r}\'{\i} and Nikolov, Aleksandar and Talwar, Kunal},
title = {Factorization Norms and Hereditary Discrepancy},
journal = {International Mathematics Research Notices},
volume = {},
number = {},
pages = {rny033},
year = {2018},
doi = {10.1093/imrn/rny033},
URL = {http://dx.doi.org/10.1093/imrn/rny033},
eprint = {/oup/backfile/content_public/journal/imrn/pap/10.1093_imrn_rny033/2/rny033.pdf}
}       

@book {TJ-book,
    AUTHOR = {Tomczak-Jaegermann, Nicole},
     TITLE = {Banach-{M}azur distances and finite-dimensional operator
              ideals},
    SERIES = {Pitman Monographs and Surveys in Pure and Applied Mathematics},
    VOLUME = {38},
 PUBLISHER = {Longman Scientific \& Technical, Harlow; copublished in the
              United States with John Wiley \& Sons, Inc., New York},
      YEAR = {1989},
     PAGES = {xii+395},
      ISBN = {0-582-01374-7},
   MRCLASS = {46B20 (47B10 47D30)},
  MRNUMBER = {993774},
MRREVIEWER = {Yehoram Gordon},
}

@article {MP-volnum,
    AUTHOR = {Milman, V. D. and Pisier, G.},
     TITLE = {Gaussian processes and mixed volumes},
   JOURNAL = {Ann. Probab.},
  FJOURNAL = {The Annals of Probability},
    VOLUME = {15},
      YEAR = {1987},
    NUMBER = {1},
     PAGES = {292--304},
      ISSN = {0091-1798},
     CODEN = {APBYAE},
   MRCLASS = {60G15 (41A65 46N05 52A22)},
  MRNUMBER = {877605},
MRREVIEWER = {A. Badrikian},
       URL =
              {http://links.jstor.org/sici?sici=0091-1798(198701)15:1<292:GPAMV>2.0.CO;2-A&origin=MSN},
}

@article {Bana13,
    AUTHOR = {Banaszczyk, Wojciech},
     TITLE = {On series of signed vectors and their rearrangements},
   JOURNAL = {Random Structures Algorithms},
  FJOURNAL = {Random Structures \& Algorithms},
    VOLUME = {40},
      YEAR = {2012},
    NUMBER = {3},
     PAGES = {301--316},
      ISSN = {1042-9832},
   MRCLASS = {46B20 (46A35 52A20 60D05)},
  MRNUMBER = {2900141},
MRREVIEWER = {Paolo Terenzi},
       DOI = {10.1002/rsa.20373},
       URL = {http://dx.doi.org/10.1002/rsa.20373},
}

@incollection {Barany-survey,
    AUTHOR = {B{\'a}r{\'a}ny, Imre},
     TITLE = {On the power of linear dependencies},
 BOOKTITLE = {Building bridges},
    SERIES = {Bolyai Soc. Math. Stud.},
    VOLUME = {19},
     PAGES = {31--45},
 PUBLISHER = {Springer, Berlin},
      YEAR = {2008},
   MRCLASS = {05-02 (05A18 52A40 52B11)},
  MRNUMBER = {2484636},
MRREVIEWER = {Thomas Britz},
       DOI = {10.1007/978-3-540-85221-6_1},
       URL = {http://dx.doi.org/10.1007/978-3-540-85221-6_1},
}

@incollection {Chobanyan94,
    AUTHOR = {Chobanyan, Sergej},
     TITLE = {Convergence a.s.\ of rearranged random series in {B}anach
              space and associated inequalities},
 BOOKTITLE = {Probability in {B}anach spaces, 9 ({S}andjberg, 1993)},
    SERIES = {Progr. Probab.},
    VOLUME = {35},
     PAGES = {3--29},
 PUBLISHER = {Birkh\"auser Boston, Boston, MA},
      YEAR = {1994},
   MRCLASS = {60B11 (46B09)},
  MRNUMBER = {1308507},
MRREVIEWER = {Rimas Norvai{\v{s}}a},
}

@preamble{
   "\def\cprime{$'$} "
}
@article {Sevast-steinitz,
    AUTHOR = {Sevast{\cprime}janov, S. V.},
     TITLE = {Approximate solution of some problems of scheduling theory},
   JOURNAL = {Diskret. Analiz},
  FJOURNAL = {Akademiya Nauk SSSR. Sibirskoe Otdelenie. Institut Matematiki.
              Diskretny\u\i\ Analiz. Sbornik Trudov},
    NUMBER = {32 Metody Diskret. Analiza v Sinteze Upravl. Sistem},
      YEAR = {1978},
     PAGES = {66--75, 96--97},
     CODEN = {DIANAS},
   MRCLASS = {90B35},
  MRNUMBER = {562944},
MRREVIEWER = {J{\'o}zef Grabowski},
}

@book {Pisier-book,
    AUTHOR = {Pisier, Gilles},
     TITLE = {The volume of convex bodies and {B}anach space geometry},
    SERIES = {Cambridge Tracts in Mathematics},
    VOLUME = {94},
 PUBLISHER = {Cambridge University Press, Cambridge},
      YEAR = {1989},
     PAGES = {xvi+250},
      ISBN = {0-521-36465-5; 0-521-66635-X},
   MRCLASS = {52A21 (46B20 52A07)},
  MRNUMBER = {1036275},
MRREVIEWER = {Mikhail Ostrovski{\u\i}},
       DOI = {10.1017/CBO9780511662454},
       URL = {http://dx.doi.org/10.1017/CBO9780511662454},
}


@article {Milman86-reverseBM,
    AUTHOR = {Milman, Vitali D.},
     TITLE = {In\'egalit\'e de {B}runn-{M}inkowski inverse et applications \`a la
              th\'eorie locale des espaces norm\'es},
   JOURNAL = {C. R. Acad. Sci. Paris S\'er. I Math.},
  FJOURNAL = {Comptes Rendus des S\'eances de l'Acad\'emie des Sciences. S\'erie
              I. Math\'ematique},
    VOLUME = {302},
      YEAR = {1986},
    NUMBER = {1},
     PAGES = {25--28},
      ISSN = {0249-6291},
   MRCLASS = {52A40 (46B20)},
  MRNUMBER = {827101},
MRREVIEWER = {Wolfgang Lusky},
}

@article {MTJ03,
    AUTHOR = {Mankiewicz, Piotr and Tomczak-Jaegermann, Nicole},
     TITLE = {Volumetric invariants and operators on random families of
              {B}anach spaces},
      NOTE = {Dedicated to Professor Aleksander Pe\l czy\'nski on the occasion
              of his 70th birthday (Polish)},
   JOURNAL = {Studia Math.},
  FJOURNAL = {Studia Mathematica},
    VOLUME = {159},
      YEAR = {2003},
    NUMBER = {2},
     PAGES = {315--335},
      ISSN = {0039-3223},
   MRCLASS = {46B07 (46B20)},
  MRNUMBER = {2052225},
MRREVIEWER = {G. Schechtman},
       DOI = {10.4064/sm159-2-10},
       URL = {http://dx.doi.org/10.4064/sm159-2-10},
}

@article {Ball88,
    AUTHOR = {Ball, Keith},
     TITLE = {Logarithmically concave functions and sections of convex sets
              in {${\bf R}^n$}},
   JOURNAL = {Studia Math.},
  FJOURNAL = {Polska Akademia Nauk. Instytut Matematyczny. Studia
              Mathematica},
    VOLUME = {88},
      YEAR = {1988},
    NUMBER = {1},
     PAGES = {69--84},
      ISSN = {0039-3223},
   MRCLASS = {52A20 (26B25)},
  MRNUMBER = {932007},
MRREVIEWER = {W. J. Firey},
}

@article {PTJ89,
    AUTHOR = {Pajor, Alain and Tomczak-Jaegermann, Nicole},
     TITLE = {Volume ratio and other {$s$}-numbers of operators related to
              local properties of {B}anach spaces},
   JOURNAL = {J. Funct. Anal.},
  FJOURNAL = {Journal of Functional Analysis},
    VOLUME = {87},
      YEAR = {1989},
    NUMBER = {2},
     PAGES = {273--293},
      ISSN = {0022-1236},
   MRCLASS = {47B10 (46B20)},
  MRNUMBER = {1026854},
       DOI = {10.1016/0022-1236(89)90011-6},
       URL = {http://dx.doi.org/10.1016/0022-1236(89)90011-6},
}

@book {BoydV04,
    AUTHOR = {Boyd, Stephen and Vandenberghe, Lieven},
     TITLE = {Convex optimization},
 PUBLISHER = {Cambridge University Press, Cambridge},
      YEAR = {2004},
     PAGES = {xiv+716},
      ISBN = {0-521-83378-7},
   MRCLASS = {90-01 (90C05 90C25 90C46 90C51)},
  MRNUMBER = {2061575},
MRREVIEWER = {Dan Butnariu},
       DOI = {10.1017/CBO9780511804441},
       URL = {http://dx.doi.org/10.1017/CBO9780511804441},
}

@article {Lewis95,
    AUTHOR = {Lewis, A. S.},
     TITLE = {The convex analysis of unitarily invariant matrix functions},
   JOURNAL = {J. Convex Anal.},
  FJOURNAL = {Journal of Convex Analysis},
    VOLUME = {2},
      YEAR = {1995},
    NUMBER = {1-2},
     PAGES = {173--183},
      ISSN = {0944-6532},
   MRCLASS = {49J52 (15A60 49N15 90C25)},
  MRNUMBER = {1363368 (96m:49033)},
MRREVIEWER = {Ren{\'e} Poliquin},
}

@article {Royen14,
    AUTHOR = {Royen, Thomas},
     TITLE = {A simple proof of the {G}aussian correlation conjecture
              extended to some multivariate gamma distributions},
   JOURNAL = {Far East J. Theor. Stat.},
  FJOURNAL = {Far East Journal of Theoretical Statistics},
    VOLUME = {48},
      YEAR = {2014},
    NUMBER = {2},
     PAGES = {139--145},
      ISSN = {0972-0863},
   MRCLASS = {60E15 (60E05)},
  MRNUMBER = {3289621},
}

@article{ES14,
  author    = {Ronen Eldan and
               Mohit Singh},
  title     = {Efficient Algorithms for Discrepancy Minimization in Convex Sets},
  journal   = {CoRR},
  volume    = {abs/1409.2913},
  year      = {2014}
}

@book {AGM-book,
    AUTHOR = {Artstein-Avidan, Shiri and Giannopoulos, Apostolos and Milman,
              Vitali D.},
     TITLE = {Asymptotic geometric analysis. {P}art {I}},
    SERIES = {Mathematical Surveys and Monographs},
    VOLUME = {202},
 PUBLISHER = {American Mathematical Society, Providence, RI},
      YEAR = {2015},
     PAGES = {xx+451},
      ISBN = {978-1-4704-2193-9},
   MRCLASS = {52A21 (28Axx 46-02 46Bxx 52A23 52A40)},
  MRNUMBER = {3331351},
MRREVIEWER = {Artem Zvavitch},
       DOI = {10.1090/surv/202},
       URL = {https://doi.org/10.1090/surv/202},
}

@book {LT91-book,
    AUTHOR = {Ledoux, Michel and Talagrand, Michel},
     TITLE = {Probability in {B}anach spaces},
    SERIES = {Classics in Mathematics},
      NOTE = {Isoperimetry and processes,
              Reprint of the 1991 edition},
 PUBLISHER = {Springer-Verlag, Berlin},
      YEAR = {2011},
     PAGES = {xii+480},
      ISBN = {978-3-642-20211-7},
   MRCLASS = {60B11 (46N30 60Fxx 60Gxx)},
  MRNUMBER = {2814399},
}

@article {PTJ85,
    AUTHOR = {Pajor, Alain and Tomczak-Jaegermann, Nicole},
     TITLE = {Remarques sur les nombres d'entropie d'un op\'erateur et de son
              transpos\'e},
   JOURNAL = {C. R. Acad. Sci. Paris S\'er. I Math.},
  FJOURNAL = {Comptes Rendus des S\'eances de l'Acad\'emie des Sciences. S\'erie
              I. Math\'ematique},
    VOLUME = {301},
      YEAR = {1985},
    NUMBER = {15},
     PAGES = {743--746},
      ISSN = {0249-6291},
   MRCLASS = {47B10},
  MRNUMBER = {817602},
MRREVIEWER = {M. S. Ramanujan},
}

@article {MP76,
    AUTHOR = {Maurey, Bernard and Pisier, Gilles},
     TITLE = {S\'eries de variables al\'eatoires vectorielles ind\'ependantes et
              propri\'et\'es g\'eom\'etriques des espaces de {B}anach},
   JOURNAL = {Studia Math.},
  FJOURNAL = {Polska Akademia Nauk. Instytut Matematyczny. Studia
              Mathematica},
    VOLUME = {58},
      YEAR = {1976},
    NUMBER = {1},
     PAGES = {45--90},
      ISSN = {0039-3223},
   MRCLASS = {60B05 (46B05)},
  MRNUMBER = {0443015},
MRREVIEWER = {J. Hoffmann-Jorgensen},
       DOI = {10.4064/sm-58-1-45-90},
       URL = {https://doi.org/10.4064/sm-58-1-45-90},
}

@article {P80,
    AUTHOR = {Pisier, G.},
     TITLE = {Un th\'eor\`eme sur les op\'erateurs lin\'eaires entre espaces de
              {B}anach qui se factorisent par un espace de {H}ilbert},
   JOURNAL = {Ann. Sci. \'Ecole Norm. Sup. (4)},
  FJOURNAL = {Annales Scientifiques de l'\'Ecole Normale Sup\'erieure. Quatri\`eme
              S\'erie},
    VOLUME = {13},
      YEAR = {1980},
    NUMBER = {1},
     PAGES = {23--43},
      ISSN = {0012-9593},
   MRCLASS = {47B10 (46B99)},
  MRNUMBER = {584081},
MRREVIEWER = {N. Tomczak-Jaegermann},
       URL = {http://www.numdam.org/item?id=ASENS_1980_4_13_1_23_0},
}

@incollection {Ball89,
    AUTHOR = {Ball, Keith},
     TITLE = {Volumes of sections of cubes and related problems},
 BOOKTITLE = {Geometric aspects of functional analysis (1987--88)},
    SERIES = {Lecture Notes in Math.},
    VOLUME = {1376},
     PAGES = {251--260},
 PUBLISHER = {Springer, Berlin},
      YEAR = {1989},
   MRCLASS = {52A40 (52A22 60D05)},
  MRNUMBER = {1008726},
MRREVIEWER = {Jane R. Sangwine-Yager},
       DOI = {10.1007/BFb0090058},
       URL = {https://doi.org/10.1007/BFb0090058},
}

@incollection {N15,
    AUTHOR = {Nikolov, Aleksandar},
     TITLE = {Randomized rounding for the largest simplex problem [extended
              abstract]},
 BOOKTITLE = {S{TOC}'15---{P}roceedings of the 2015 {ACM} {S}ymposium on
              {T}heory of {C}omputing},
     PAGES = {861--870},
 PUBLISHER = {ACM, New York},
      YEAR = {2015},
   MRCLASS = {68U05 (68W25 90C25)},
  MRNUMBER = {3388266},
}

@article {Khachiyan96,
    AUTHOR = {Khachiyan, Leonid G.},
     TITLE = {Rounding of polytopes in the real number model of computation},
   JOURNAL = {Math. Oper. Res.},
  FJOURNAL = {Mathematics of Operations Research},
    VOLUME = {21},
      YEAR = {1996},
    NUMBER = {2},
     PAGES = {307--320},
      ISSN = {0364-765X},
   MRCLASS = {68Q25 (52B55 90C60)},
  MRNUMBER = {1397216},
MRREVIEWER = {Klaus Meer},
       DOI = {10.1287/moor.21.2.307},
       URL = {https://doi.org/10.1287/moor.21.2.307},
}

@inproceedings{BelloniLNR15,
  author    = {Alexandre Belloni and
               Tengyuan Liang and
               Hariharan Narayanan and
               Alexander Rakhlin},
  editor    = {Peter Gr{\"{u}}nwald and
               Elad Hazan and
               Satyen Kale},
  title     = {Escaping the Local Minima via Simulated Annealing: Optimization of
               Approximately Convex Functions},
  booktitle = {Proceedings of The 28th Conference on Learning Theory, {COLT} 2015,
               Paris, France, July 3-6, 2015},
  series    = {{JMLR} Workshop and Conference Proceedings},
  volume    = {40},
  pages     = {240--265},
  publisher = {JMLR.org},
  year      = {2015},
  url       = {http://jmlr.org/proceedings/papers/v40/Belloni15.html},
  timestamp = {Tue, 12 Jul 2016 21:51:13 +0200},
  biburl    = {https://dblp.org/rec/bib/conf/colt/BelloniLNR15},
  bibsource = {dblp computer science bibliography, https://dblp.org}
}

@book{GLS,
author = {Gr{\"o}tschel, M. and Lov{\'a}sz, L. and Schrijver, A.},
title = {Geometric Algorithms and Combinatorial Optimization},
publisher = {Springer-Verlag},
year ={1988}
}

@incollection {Dvoretzky-problem,
    AUTHOR = {Dvoretzky, Aryeh},
     TITLE = {Problem},
 BOOKTITLE = {Proc. {S}ympos. {P}ure {M}ath., {V}ol. {VII}},
 PUBLISHER = {Amer. Math. Soc., Providence, R.I.},
      YEAR = {1963},
}

@inproceedings{smalldb,
  author    = {Aleksandar Nikolov},
  editor    = {Magn{\'{u}}s M. Halld{\'{o}}rsson and
               Kazuo Iwama and
               Naoki Kobayashi and
               Bettina Speckmann},
  title     = {An Improved Private Mechanism for Small Databases},
  booktitle = {Automata, Languages, and Programming - 42nd International Colloquium,
               {ICALP} 2015, Kyoto, Japan, July 6-10, 2015, Proceedings, Part {I}},
  series    = {Lecture Notes in Computer Science},
  volume    = {9134},
  pages     = {1010--1021},
  publisher = {Springer},
  year      = {2015},
  url       = {http://dx.doi.org/10.1007/978-3-662-47672-7_82},
  doi       = {10.1007/978-3-662-47672-7_82},
  timestamp = {Mon, 22 Jun 2015 12:00:28 +0200},
  biburl    = {http://dblp.uni-trier.de/rec/bib/conf/icalp/Nikolov15},
  bibsource = {dblp computer science bibliography, http://dblp.org}
}

@article{NTZ,
  author    = {Aleksandar Nikolov and
               Kunal Talwar and
               Li Zhang},
  title     = {The Geometry of Differential Privacy: The Small Database and Approximate
               Cases},
  journal   = {{SIAM} J. Comput.},
  volume    = {45},
  number    = {2},
  pages     = {575--616},
  year      = {2016},
  url       = {http://dx.doi.org/10.1137/130938943},
  doi       = {10.1137/130938943},
  timestamp = {Sun, 08 May 2016 19:39:56 +0200},
  biburl    = {http://dblp.uni-trier.de/rec/bib/journals/siamcomp/NikolovT016},
  bibsource = {dblp computer science bibliography, http://dblp.org}
}

@article {Pisier89,
    AUTHOR = {Pisier, Gilles},
     TITLE = {A new approach to several results of {V}. {M}ilman},
   JOURNAL = {J. Reine Angew. Math.},
  FJOURNAL = {Journal f\"ur die Reine und Angewandte Mathematik. [Crelle's
              Journal]},
    VOLUME = {393},
      YEAR = {1989},
     PAGES = {115--131},
      ISSN = {0075-4102},
   MRCLASS = {46B20 (41A46 47B10 52A20)},
  MRNUMBER = {972362},
MRREVIEWER = {Bernd Carl},
       DOI = {10.1515/crll.1989.393.115},
       URL = {https://doi.org/10.1515/crll.1989.393.115},
}